@article{Hoffman2021,
    title={A Supervised Heuristic for a Balanced Approach to Regionalization},
    author={Hoffman, T. D. and Oshan, T.},
    journal={GIS Research UK Conference Proceedings},
    year={2021}
}

@book{Fotheringham2003,
    title={Geographically Weighted Regression: The Analysis of Spatially Varying Relationships},
    author={Fotheringham, A. S. and Brunsdon, C. and Charlton, M.},
    year={2003},
    publisher = {Wiley}
}

@article{Akaike1973,
    title={Information theory and an extension of the maximum likelihood principle},
    author={Akaike, H.},
    year={1973},
    journal={ 2nd International Symposium on Information Theory, Tsahkadsor, Armenia, USSR, September 2-8, 1971},
    pages = {267--281}
}

@article{Oshan2019,
  author          = {Oshan, T.M. and Li, Z. and Kang, W. and Wolf, L. J. and Fotheringham, A.S.},
  journal         = {ISPRS Journal of Geo-Information},
  number          = {8},
  title           = {mgwr: A Python implementation of multiscale geographically weighted regression for investigating process spatial heterogeneity and scale},
  volume          = {6},
  year            = {2019},
  pages = {269}
}

@article{Kiefer1953,
  author          = {Kiefer, J.},
  journal         = {Proceedings of the American Mathematical Society},
  number          = {4},
  title           = {Sequential minimax search for a maximum},
  volume          = {3},
  year            = {1953}
}

@inbook{Brent1973,
  author         = {Brent, R.P.},
  chapter        = {Chapter 4: An Algorithm with Guaranteed Convergence for Finding a Zero of a Function},
  editor         = {},
  pages          = {},
  publisher      = {Prentice-Hall},
  title          = {Algorithms for Minimization without Derivatives},
  year           = {1973}
}

@article{Bonyadi2017,
  author          = {Bonyadi, M.R. and Michalewicz, Z.},
  journal         = {Evolutionary Computation},
  number          = {25},
  title           = {Particle swarm optimization for single objective continuous space problems: a review},
  volume          = {1},
  year            = {2017},
  pages           = {1--54}
}

@article{Henon1976,
  author          = {Henon, M.},
  journal         = {Communications in Mathematical Physics},
  number          = {50},
  title           = {A two-dimensional mapping with a strange attractor},
  volume          = {1},
  year            = {1976},
  pages           = {69--77}
}
